%refMan.bib
%Corresponds to TrainABA Supervision Curriculum Series: Volume 1 - BCBA Reference Manual

%Chapter 1

%Chapter 2

%Chapter 3

%various task list sections below.

%Upon Conclusion