%refMan.bib
%Corresponds to TrainABA Supervision Curriculum Series: Volume 1 - BCBA Reference Manual
@article{test,
  title={Some still-current dimensions of applied behavior analysis},
  author={Baer, D and Wolf, M and Risley, T},
  journal={Journal of Applied Behavior Analysis},
  volume={20},
  number={4},
  pages={313--327},
  year={1987},
  publisher={Wiley Online Library}
}

@article{alang2017police,
  title={Police brutality and black health: setting the agenda for public health scholars},
  author={Alang, Ssstring and McAlpine, D and McCreedy, E and Hardeman, R},
  journal={American journal of public health},
  volume={107},
  number={5},
  pages={662--665},
  year={2017},
  publisher={American Public Health Association}
}

%Carver, C. S. (1997). You want to measure coping but your protocol's too long: Consider the Brief COPE. International Journal of Behavioral Medicine, 4(1), 92-100.
@article{carver1997you,
  title={You want to measure coping but your protocol is too long: Consider the brief cope},
  author={Carver, C},
  journal={International journal of behavioral medicine},
  volume={4},
  number={1},
  pages={92},
  year={1997},
  publisher={Springer}
}

%Clayton, D. (2018). Black Lives Matter and the Civil Rights Movement: A Comparative Analysis of Two Social Movements in the United States. Journal of Black Studies, 49(5), 448-480.
@article{clayton2018black,
  title={Black lives matter and the civil rights movement: A comparative analysis of two social movements in the United States},
  author={Clayton, D},
  journal={Journal of Black Studies},
  volume={49},
  number={5},
  pages={448--480},
  year={2018},
  publisher={SAGE Publications Sage CA: Los Angeles, CA}
}

%Edward R. Maguire, Justin Nix & Bradley A. Campbell (2017) A War on Cops? The Effects of Ferguson on the Number of U.S. Police Officers Murdered in the Line of Duty, Justice Quarterly, 34:5, 739-758
@article{maguire2017war,
  title={A war on cops? The effects of Ferguson on the number of US police officers murdered in the line of duty},
  author={Maguire, E and Nix, J and Campbell, B},
  journal={Justice quarterly},
  volume={34},
  number={5},
  pages={739--758},
  year={2017},
  publisher={Taylor \& Francis}
}



%Gooty, J., Gavin, M., Ashkanasy, N., & Thomas, J. (2014). The wisdom of letting go and performance: The moderating role of emotional intelligence and discrete emotions. Journal of Occupational and Organizational Psychology,87(2), 392-413. 
@article{gooty2014wisdom,
  title={The wisdom of letting go and performance: The moderating role of emotional intelligence and discrete emotions},
  author={Gooty, J and Gavin, M and Ashkanasy, N and Thomas, J},
  journal={Journal of Occupational and Organizational Psychology},
  volume={87},
  number={2},
  pages={392--413},
  year={2014},
  publisher={Wiley Online Library}
}

%Granhag, P., Vrij, A., & Meissner, C. (2014). Information Gathering in Law Enforcement and Intelligence Settings: Advancing Theory and Practice. Applied Cognitive Psychology, 28(6), 815-816.
@book{granhag2014information,
  title={Information gathering in law enforcement and intelligence settings: Advancing theory and practice},
  author={Granhag, P and Vrij, A and Meissner, C},
  year={2014},
  publisher={Wiley}
}

%Rashmi Singh, Jogendra Kumar Nayak, (2015) "Mediating role of stress between work-family conflict and job satisfaction among the police officials: Moderating role of social support", Policing: An International Journal of Police Strategies & Management, Vol. 38 Issue: 4, pp.738-753
@article{singh2015mediating,
  title={Mediating role of stress between work-family conflict and job satisfaction among the police officials: Moderating role of social support},
  author={Singh, R and Nayak, J},
  journal={Policing: An International Journal of Police Strategies \& Management},
  volume={38},
  number={4},
  pages={738--753},
  year={2015},
  publisher={Emerald Group Publishing Limited}
}

%Salguero, j. m., Fern√°ndez-Berrocal, p., Balluerka, n., & Aritzeta, a. (2010). Measuring perceived emotional intelligence in the adolescent population: psychometric properties of the trait meta-mood scale. Social Behavior & Personality: An International Journal.
@article{salguero2010measuring,
  title={Measuring perceived emotional intelligence in the adolescent population: Psychometric properties of the Trait Meta-Mood Scale},
  author={Salguero, J and Fernandez-Berrocal, P and Balluerka, N and Aritzeta, A},
  journal={Social Behavior and Personality: an international journal},
  volume={38},
  number={9},
  pages={1197--1209},
  year={2010},
  publisher={Scientific Journal Publishers}
}


%%%%%%%%%%%%%%%%%%%%%%%%%%%%%%%%%%%%%%%%%%%%%%%%5
@book{agran1997student,
  title={Student-directed learning: Teaching self-determination skills},
  author={Agran, M},
  year={1997},
  publisher={Brooks/Cole Pub. Co.}
}

@book{alberto2009applied,
  title={Applied behavior analysis for teachers},
  author={Alberto, P and Anne C},
  number={Sirsi) i9780131592896},
  year={2009}
}

@article{alessi1992models,
  title={Models of proximate and ultimate causation in psychology.},
  author={Alessi, G},
  journal={American Psychologist},
  volume={47},
  number={11},
  pages={1359},
  year={1992},
  publisher={American Psychological Association}
}

@article{alexander1985effect,
  title={THE EFFECT OF STUDY SKILL TRAINING ON LEARNING DISABLED STUDENTS'RETELLING OF EXPOSITORY MATERIAL},
  author={Alexander, D},
  journal={Journal of applied behavior analysis},
  volume={18},
  number={3},
  pages={263--267},
  year={1985},
  publisher={Wiley Online Library}
}

@article{allen2001exposure,
  title={EXPOSURE-BASED TREATMENT TO CONTROL EXCESSIVE BLOOD GLUCOSE MONITORING},
  author={Allen, K and Evans, J},
  journal={Journal of applied behavior analysis},
  volume={34},
  number={4},
  pages={497--500},
  year={2001},
  publisher={Wiley Online Library}
}

@article{anderson2002use,
  title={Use of a structured descriptive assessment methodology to identify variables affecting problem behavior},
  author={Anderson, Cynthia M and Long, Ethan S},
  journal={Journal of Applied Behavior Analysis},
  volume={35},
  number={2},
  pages={137--154},
  year={2002},
  publisher={Wiley Online Library}
}

@article{anderson1999early,
  title={Early intervention for young children with autism: Continuum-based behavioral models},
  author={Anderson, Stephen R and Romanczyk, Raymond G},
  journal={Journal of the Association for Persons with Severe Handicaps},
  volume={24},
  number={3},
  pages={162--173},
  year={1999},
  publisher={SAGE Publications Sage CA: Los Angeles, CA}
}

@article{arco2008feedback,
  title={Feedback for improving staff training and performance in behavioral treatment programs},
  author={Arco, L},
  journal={Behavioral Interventions: Theory \& Practice in Residential \& Community-Based Clinical Programs},
  volume={23},
  number={1},
  pages={39--64},
  year={2008},
  publisher={Wiley Online Library}
}

@article{athens2010investigation,
  title={An investigation of differential reinforcement of alternative behavior without extinction},
  author={Athens, E and Vollmer, T},
  journal={Journal of Applied Behavior Analysis},
  volume={43},
  number={4},
  pages={569--589},
  year={2010},
  publisher={Wiley Online Library}
}

@book{austin2000handbook,
  title={Handbook of applied behavior analysis},
  author={Austin, J and Carr, J},
  year={2000},
  publisher={New Harbinger Publications}
}

@article{axelrod1992disseminating,
  title={Disseminating an effective educational technology},
  author={Axelrod, S},
  journal={Journal of Applied Behavior Analysis},
  volume={25},
  number={1},
  pages={31},
  year={1992},
  publisher={Society for the Experimental Analysis of Behavior}
}

@article{ayllon1968token,
  title={The token economy: A motivational system for therapy and rehabilitation},
  author={Ayllon, Teodoro and Azrin, Nathan},
  year={1968}
}

@article{azrin1966punishment,
  title={Punishment},
  author={Azrin, N and Holz, W},
  journal={Operant behavior: Areas of research and application},
  pages={380--447},
  year={1966}
}

@article{azrin2007physical,
  title={Physical activity as reinforcement for classroom calmness of ADHD children: A preliminary study},
  author={Azrin, N and Vinas, V and Ehle, C},
  journal={Child \& Family Behavior Therapy},
  volume={29},
  number={2},
  pages={1--8},
  year={2007},
  publisher={Taylor \& Francis}
}

@book{baer1999plan,
  title={How to plan for generalization},
  author={Baer, D},
  year={1999},
  publisher={Pro Ed}
}

@article{baer1967development,
  title={THE DEVELOPMENT OF IMITATION BY REINFORCING BEHAVIORAL SIMILARITY TO A MODEL 1},
  author={Baer, D and Peterson, R and Sherman, J},
  journal={Journal of the Experimental analysis of Behavior},
  volume={10},
  number={5},
  pages={405--416},
  year={1967},
  publisher={Wiley Online Library}
}

@article{baer1991if,
  title={If reliance on epidemiology were to become epidemic, we would need to assess its social validity.},
  author={Baer, D and Schwartz, I},
  journal={Journal of Applied Behavior Analysis},
  volume={24},
  number={2},
  pages={231},
  year={1991},
  publisher={Society for the Experimental Analysis of Behavior}
}

@article{baer1970recent,
  title={Recent examples of behavior modification in preschool settings},
  author={Baer, D and Wolf, M},
  journal={Behavior modification in clinical psychology},
  pages={5--12},
  year={1970},
  publisher={Appleton-Century-Crofts}
}

@article{baer1968some,
  title={Some current dimensions of applied behavior analysis 1},
  author={Baer, D and Wolf, M and Risley, T},
  journal={Journal of applied behavior analysis},
  volume={1},
  number={1},
  pages={91--97},
  year={1968},
  publisher={Wiley Online Library}
}

@article{baer1987some,
  title={Some still-current dimensions of applied behavior analysis},
  author={Baer, D and Wolf, M and Risley, T},
  journal={Journal of Applied Behavior Analysis},
  volume={20},
  number={4},
  pages={313--327},
  year={1987},
  publisher={Wiley Online Library}
}

@book{bailey201025,
  title={25 essential skills \& strategies for the professional behavior analyst: expert tips for maximizing consulting effectiveness},
  author={Bailey, J and Burch, M},
  year={2010},
  publisher={Taylor \& Francis}
}

@book{bailey2013ethics,
  title={Ethics for behavior analysts: 2nd expanded edition},
  author={Bailey, Jon and Burch, Mary},
  year={2013},
  publisher={Routledge}
}

@article{bailey1991marketing,
  title={Marketing behavior analysis requires different talk},
  author={Bailey, Jon S},
  journal={Journal of Applied Behavior Analysis},
  volume={24},
  number={3},
  pages={445},
  year={1991},
  publisher={Society for the Experimental Analysis of Behavior}
}

@article{balsam1983negative,
  title={The negative side effects of reward},
  author={Balsam, Peter D and Bondy, Andrew S},
  journal={Journal of Applied Behavior Analysis},
  volume={16},
  number={3},
  pages={283--296},
  year={1983},
  publisher={Wiley Online Library}
}

@article{bancroft2011comparison,
  title={A comparison of procedural variations in teaching behavior chains: Manual guidance, trainer completion, and no completion of untrained steps},
  author={Bancroft, Stacie L and Weiss, Julie S and Libby, Myrna E and Ahearn, William H},
  journal={Journal of applied behavior analysis},
  volume={44},
  number={3},
  pages={559--569},
  year={2011},
  publisher={Wiley Online Library}
}

@article{bannerman1990balancing,
  title={Balancing the right to habilitation with the right to personal liberties: The rights of people with developmental disabilities to eat too many doughnuts and take a nap},
  author={Bannerman, Diane J and Sheldon, Jan B and Sherman, James A and Harchik, Alan E},
  journal={Journal of Applied Behavior Analysis},
  volume={23},
  number={1},
  pages={79--89},
  year={1990},
  publisher={Wiley Online Library}
}

@article{barbetta1993effects,
  title={Effects of active student response during error correction on the acquisition, maintenance, and generalization of sight words by students with developmental disabilities},
  author={Barbetta, Patricia M and Heron, Timothy E and Heward, William L},
  journal={Journal of Applied Behavior Analysis},
  volume={26},
  number={1},
  pages={111--119},
  year={1993},
  publisher={Wiley Online Library}
}

@article{barger2004multiple,
  title={Multiple baseline designs: The use of a single-case experimental design in literacy research},
  author={Barger-Anderson, Richael and Domaracki, Joseph W and Kearney-Vakulick, Nedra and Kubina Jr, Richard M},
  journal={Reading Improvement},
  volume={41},
  number={4},
  pages={217--226},
  year={2004},
  publisher={Project Innovation (Alabama)}
}

@article{barlow1979alternating,
  title={Alternating treatments design: One strategy for comparing the effects of two treatments in a single subject},
  author={Barlow, David H and Hayes, Steven C},
  journal={Journal of applied behavior analysis},
  volume={12},
  number={2},
  pages={199--210},
  year={1979},
  publisher={Wiley Online Library}
}

@article{baum1974choice,
  title={Choice in free-ranging wild pigeons},
  author={Baum, W},
  journal={Science},
  volume={185},
  number={4145},
  pages={78--79},
  year={1974},
  publisher={American Association for the Advancement of Science}
}

@article{baum1974two,
  title={On two types of deviation from the matching law: bias and undermatching 1},
  author={Baum, W},
  journal={Journal of the experimental analysis of behavior},
  volume={22},
  number={1},
  pages={231--242},
  year={1974},
  publisher={Wiley Online Library}
}

@article{baum1979matching,
  title={Matching, undermatching, and overmatching in studies of choice},
  author={Baum, W},
  journal={Journal of the Experimental analysis of Behavior},
  volume={32},
  number={2},
  pages={269--281},
  year={1979},
  publisher={Wiley Online Library}
}

@book{baum1994understanding,
  title={Understanding behaviorism: Science, behavior, and culture},
  author={Baum, W},
  year={1994},
  publisher={Harpercollins College Division}
}

@article{baum1995radical,
  title={Radical behaviorism and the concept of agency},
  author={Baum, William M},
  journal={Behaviorology},
  volume={3},
  pages={93--106},
  year={1995}
}

@article{baum2011what,
  title={What is radical behaviorism? A review of Jay Moore's Conceptual Foundations of Radical Behaviorism},
  author={Baum, W},
  journal={Journal of the Experimental Analysis of Behavior},
  volume={95},
  number={1},
  pages={119--126},
  year={2011}
}

@book{bac2014professional,
  title={Professional and ethical compliance code for behavior analysts},
  author={Board, Behavior Analyst Certification},
%Retrieved from http://www.bacb.com/Downloadfiles/BACB_Compliance_Code.pdf
  year={2014}
}


@article{berk1976effects,
  title={Effects of choice of instructional methods on verbal learning tasks},
  author={Berk, Ronald A},
  journal={Psychological Reports},
  volume={38},
  number={3},
  pages={867--870},
  year={1976},
  publisher={SAGE Publications Sage CA: Los Angeles, CA}
}

@article{bijou1961child,
  title={Child development, Vol 1: A systematic and empirical theory.},
  author={Bijou, Sidney W and Baer, Donald M},
  year={1961},
  publisher={Appleton-Century-Crofts}
}

@book{birnbrauer1999how,
  title={How to Evaluate Intervention Programs},
  author={Birnbrauer, J},
  year={1999},
  publisher={Cambridge Center for Behavioral Studies, Inc.}
}

@article{blough1963interresponse,
  title={Interresponse time as a function of continuous variabes: a new method and some data},
  author={Blough, Donald S},
  journal={Journal of the Experimental Analysis of Behavior},
  volume={6},
  number={2},
  pages={237--246},
  year={1963},
  publisher={Wiley Online Library}
}

@article{borrero2002application,
  title={An application of the matching law to severe problem behavior},
  author={Borrero, John C and Vollmer, Timothy R},
  journal={Journal of Applied Behavior Analysis},
  volume={35},
  number={1},
  pages={13--27},
  year={2002},
  publisher={Wiley Online Library}
}

@article{bosch2001behavioral,
  title={Behavioral cusps: a model for selecting target behaviors.},
  author={Bosch, S and Fuqua, R W},
  journal={Journal of Applied Behavior Analysis},
  volume={34},
  number={1},
  pages={123},
  year={2001},
  publisher={Society for the Experimental Analysis of Behavior}
}

@article{boyce2000evaluation,
  title={An evaluation of intraobserver reliability versus interobserver agreement},
  author={Boyce, Thomas E and Carter, Ned and Neboschick, Havalah},
  journal={European Journal of Behavior Analysis},
  volume={1},
  number={2},
  pages={107--114},
  year={2000},
  publisher={Taylor \& Francis}
}

@article{brandon1997applying,
  title={Applying behavioral theory to practice: An examination of the behavioral momentum metaphor},
  author={Brandon, Paul K and Houlihan, Daniel},
  journal={Behavioral Interventions: Theory \& Practice in Residential \& Community-Based Clinical Programs},
  volume={12},
  number={3},
  pages={113--131},
  year={1997},
  publisher={Wiley Online Library}
}

@article{buehner2005contiguity,
  title={Contiguity and covariation in human causal inference},
  author={Buehner, Marc J},
  journal={Learning \& Behavior},
  volume={33},
  number={2},
  pages={230--238},
  year={2005},
  publisher={Springer}
}

@article{bullock2015several,
  title={The several roles of stimuli in token reinforcement},
  author={Bullock, Christopher E and Hackenberg, Timothy D},
  journal={Journal of the experimental analysis of behavior},
  volume={103},
  number={2},
  pages={269--287},
  year={2015},
  publisher={Wiley Online Library}
}

@article{bush1989contextual,
  title={Contextual control of emergent equivalence relations},
  author={Bush, Karen M and Sidman, Murray and Rose, Tania de},
  journal={Journal of the Experimental Analysis of Behavior},
  volume={51},
  number={1},
  pages={29--45},
  year={1989},
  publisher={Wiley Online Library}
}

@article{buskist1991life,
  title={The life and times of PSI},
  author={Buskist, William and Cush, David and DeGrandpre, Richard J},
  journal={Journal of Behavioral Education},
  volume={1},
  number={2},
  pages={215--234},
  year={1991},
  publisher={Springer}
}

@article{callahan2010aba,
  title={ABA versus TEACCH: the case for defining and validating comprehensive treatment models in autism},
  author={Callahan, Kevin and Shukla-Mehta, Smita and Magee, Sandy and Wie, Min},
  journal={Journal of autism and developmental disorders},
  volume={40},
  number={1},
  pages={74--88},
  year={2010},
  publisher={Springer}
}

@article{call2014relative,
  title={The relative influence of motivating operations for positive and negative reinforcement on problem behavior during demands},
  author={Call, Nathan A and Lomas Mevers, Joanna E},
  journal={Behavioral Interventions},
  volume={29},
  number={1},
  pages={4--20},
  year={2014},
  publisher={Wiley Online Library}
}

@article{carbone2007role,
  title={The role of the reflexive conditioned motivating operation (CMO-R) during discrete trial instruction of children with autism.},
  author={Carbone, Vincent J and Morgenstern, Barry and Zecchin-Tirri, Gina and Kolberg, Laura},
  journal={Journal of Early and Intensive Behavior Intervention},
  volume={4},
  number={4},
  pages={658},
  year={2007}
}

@article{carr1993behavior,
  title={Behavior analysis is not ultimately about behavior},
  author={Carr, Edward G},
  journal={The Behavior Analyst},
  volume={16},
  number={1},
  pages={47},
  year={1993},
  publisher={Association for Behavior Analysis International}
}

@article{carr1985reducing,
  title={Reducing behavior problems through functional communication training},
  author={Carr, Edward G and Durand, V Mark},
  journal={Journal of applied behavior analysis},
  volume={18},
  number={2},
  pages={111--126},
  year={1985},
  publisher={Wiley Online Library}
}

@article{carr1995biological,
  title={Biological setting events for self-injury},
  author={Carr, Edward G and Smith, Christopher E},
  journal={Mental Retardation and Developmental Disabilities Research Reviews},
  volume={1},
  number={2},
  pages={94--98},
  year={1995},
  publisher={Wiley Online Library}
}

@article{carr2003menstrual,
  title={Menstrual discomfort as a biological setting event for severe problem behavior: Assessment and intervention},
  author={Carr, Edward G and Smith, Christopher E and Giacin, Theresa A and Whelan, Bernadette M and Pancari, Joseph},
  journal={American Journal on Mental Retardation},
  volume={108},
  number={2},
  pages={117--133},
  year={2003}
}

@article{carrigan1992conditional,
  title={Conditional discrimination and equivalence relations: A theoretical analysis of control by negative stimuli},
  author={Carrigan Jr, Philip F and Sidman, Murray},
  journal={Journal of the Experimental Analysis of Behavior},
  volume={58},
  number={1},
  pages={183--204},
  year={1992},
  publisher={Wiley Online Library}
}

@article{carr2005recommendations,
  title={Recommendations for reporting multiple-baseline designs across participants},
  author={Carr, James E},
  journal={Behavioral Interventions: Theory \& Practice in Residential \& Community-Based Clinical Programs},
  volume={20},
  number={3},
  pages={219--224},
  year={2005},
  publisher={Wiley Online Library}
}

@article{catania1993coming,
  title={Coming to terms with establishing operations},
  author={Catania, A Charles},
  journal={The Behavior Analyst},
  volume={16},
  number={2},
  pages={219},
  year={1993},
  publisher={Association for Behavior Analysis International}
}

@article{charles2012discussion,
  title={Discussion: The flight from experimental analysis},
  author={Charles Catania, A},
  journal={European Journal of Behavior Analysis},
  volume={13},
  number={2},
  pages={165--176},
  year={2012},
  publisher={Taylor \& Francis}
}

@article{catania2013learning,
  title={Learning},
  author={Catania, CA},
  journal={Early Education \& Development},
  volume={11},
  pages={423--446},
  year={2013},
  publisher={Sloan}
}

@incollection{catania1971discriminative,
  title={Discriminative stimulus functions of drugs: Interpretations},
  author={Catania, A Charles and Overmier, J Bruce},
  booktitle={Stimulus properties of drugs},
  pages={149--160},
  year={1971},
  publisher={Springer}
}

@article{cautela1984general,
  title={General level of reinforcement},
  author={Cautela, Joseph R},
  journal={Journal of Behavior Therapy and Experimental Psychiatry},
  volume={15},
  number={2},
  pages={109--114},
  year={1984},
  publisher={Elsevier}
}

@article{charlop2002using,
  title={Using the picture exchange communication system (PECS) with children with autism: Assessment of PECS acquisition, speech, social-communicative behavior, and problem behavior},
  author={Charlop-Christy, Marjorie H and Carpenter, Michael and Le, Loc and LeBlanc, Linda A and Kellet, Kristen},
  journal={Journal of applied behavior analysis},
  volume={35},
  number={3},
  pages={213--231},
  year={2002},
  publisher={Wiley Online Library}
}

@book{pierce2013behavior,
  title={Behavior analysis and learning},
  author={Pierce, W David and Cheney, Carl D},
  year={2013},
  publisher={Psychology Press}
}

@article{codding2005effects,
  title={Effects of immediate performance feedback on implementation of behavior support plans},
  author={Codding, Robin S and Feinberg, Adam B and Dunn, Erin K and Pace, Gary M},
  journal={Journal of Applied Behavior Analysis},
  volume={38},
  number={2},
  pages={205--219},
  year={2005},
  publisher={Wiley Online Library}
}

@article{colon2012effects,
  title={The effects of verbal operant training and response interruption and redirection on appropriate and inappropriate vocalizations},
  author={Col√≥n, Candice L and Ahearn, William H and Clark, Kathleen M and Masalsky, Jessica},
  journal={Journal of Applied Behavior Analysis},
  volume={45},
  number={1},
  pages={107--120},
  year={2012},
  publisher={Wiley Online Library}
}

@article{conger1974use,
  title={Use of concurrent operants in small group research: A demonstration},
  author={Conger, Rand and Killeen, Peter},
  journal={Pacific Sociological Review},
  volume={17},
  number={4},
  pages={399--416},
  year={1974},
  publisher={Sage Publications Sage CA: Los Angeles, CA}
}

@article{cooper2000tutoring,
  title={Tutoring Joe: Winning with the precision teaching team},
  author={Cooper, John O},
  journal={Exceptional children: An introduction to special education},
  pages={268--270},
  year={2000},
  publisher={Merrill Upper Saddle River, NJ}
}

@article{cooper2007applied,
  title={Applied behavior analysis},
  author={Cooper, John O and Heron, Timothy E and Heward, William L and others},
  year={2007},
  publisher={Pearson/Merrill-Prentice Hall Upper Saddle River, NJ}
}

@article{cowdery1990effects,
  title={Effects and side effects of DRO as treatment for self-injurious behavior},
  author={Cowdery, Glynnis Edwards and Iwata, Brian A and Pace, Gary M},
  journal={Journal of Applied Behavior Analysis},
  volume={23},
  number={4},
  pages={497--506},
  year={1990},
  publisher={Wiley Online Library}
}

@article{cumming1965complex,
  title={The complex discriminated operant: Studies of matching-to-sample and related problems},
  author={Cumming, WWr and Berryman, R},
  journal={Stimulus generalization},
  pages={284--330},
  year={1965}
}

@article{cuvo2003stimulus,
  title={On stimulus generalization and stimulus classes},
  author={Cuvo, Anthony J},
  journal={Journal of Behavioral Education},
  volume={12},
  number={1},
  pages={77--83},
  year={2003},
  publisher={Springer}
}

@article{dattilo1991facilitating,
  title={Facilitating conversation through self-initiated augmentative communication treatment},
  author={Dattilo, John and Camarata, Stephen},
  journal={Journal of Applied Behavior Analysis},
  volume={24},
  number={2},
  pages={369--378},
  year={1991},
  publisher={Wiley Online Library}
}

@book{davis1977operant,
  title={Operant-pavlovian interactions},
  author={Davis, Hank and Hurwitz, Harry},
  year={1977},
  publisher={L. Erlbaum Associates}
}

@article{deitz1983reducing,
  title={Reducing behavior through reinforcement},
  author={Deitz, Diane ED and Repp, Alan C},
  journal={Exceptional Education Quarterly},
  volume={3},
  number={4},
  pages={34--46},
  year={1983},
  publisher={SAGE Publications Sage CA: Los Angeles, CA}
}

@article{deitz1977analysis,
  title={An analysis of programming DRL schedules in educational settings},
  author={Deitz, Samuel M},
  journal={Behaviour Research and Therapy},
  volume={15},
  number={1},
  pages={103--111},
  year={1977},
  publisher={Elsevier}
}

@article{deleon1996evaluation,
  title={Evaluation of a multiple-stimulus presentation format for assessing reinforcer preferences},
  author={DeLeon, Iser G and Iwata, Brian A},
  journal={Journal of Applied Behavior Analysis},
  volume={29},
  number={4},
  pages={519--533},
  year={1996},
  publisher={Wiley Online Library}
}

@article{deleon1999examination,
  title={Examination of ambiguous stimulus preferences with duration-based measures},
  author={DeLeon, Iser G and Iwata, Brian A and Conners, Juliet and Wallace, Michele D},
  journal={Journal of Applied Behavior Analysis},
  volume={32},
  number={1},
  pages={111--114},
  year={1999},
  publisher={Wiley Online Library}
}

@article{delprato1992some,
  title={Some fundamentals of BF Skinner's behaviorism.},
  author={Delprato, Dennis J and Midgley, Bryan D},
  journal={American psychologist},
  volume={47},
  number={11},
  pages={1507},
  year={1992},
  publisher={American Psychological Association}
}

@article{drash1999using,
  title={Using mand training to establish an echoic repertoire in young children with autism},
  author={Drash, Philip W and High, Rebecca L and Tudor, Roger M},
  journal={The Analysis of Verbal Behavior},
  volume={16},
  number={1},
  pages={29--44},
  year={1999},
  publisher={Springer}
}

@article{durand1999functional,
  title={Functional communication training using assistive devices: Recruiting natural communities of reinforcement},
  author={Durand, V Mark},
  journal={Journal of Applied Behavior Analysis},
  volume={32},
  number={3},
  pages={247--267},
  year={1999},
  publisher={Wiley Online Library}
}

@article{durand1992analysis,
  title={An analysis of maintenance following functional communication training},
  author={Durand, V Mark and Carr, Edward G},
  journal={Journal of Applied Behavior Analysis},
  volume={25},
  number={4},
  pages={777--794},
  year={1992},
  publisher={Wiley Online Library}
}

@article{endicott2007contriving,
  title={Contriving motivating operations to evoke mands for information in preschoolers with autism},
  author={Endicott, Katie and Higbee, Thomas S},
  journal={Research in Autism Spectrum Disorders},
  volume={1},
  number={3},
  pages={210--217},
  year={2007},
  publisher={Elsevier}
}

@book{bricklin1977your,
  title={Your Child Can Succeed: How to Get the Most out of School for Your Child.},
  author={Engelmann, Siefried},
  year={1975},
  publisher={Simon and Schuster}
}

@article{epling1983applied,
  title={Applied behavior analysis: New directions from the laboratory},
  author={Epling, W Frank and Pierce, W David},
  journal={The Behavior Analyst},
  volume={6},
  number={1},
  pages={27--37},
  year={1983},
  publisher={Springer}
}

@article{epstein1997skinner,
  title={Skinner as self-manager},
  author={Epstein, Robert},
  journal={Journal of applied behavior analysis},
  volume={30},
  number={3},
  pages={545--568},
  year={1997},
  publisher={Wiley Online Library}
}

@article{etzel1979simplest,
  title={The simplest treatment alternative: The law of parsimony applied to choosing appropriate instructional control and errorless-learning procedures for the difficult-to-teach child},
  author={Etzel, Barbara C and LeBlanc, Judith M},
  journal={Journal of Autism and Developmental Disorders},
  volume={9},
  number={4},
  pages={361--382},
  year={1979},
  publisher={Springer}
}

@book{fabrizio2001brief,
  title={A Brief Overview of Fluency-Based Instruction for Learners with Autism},
  author={Fabrizio, M S},
  year={2001},
  publisher={Fabrizio/Moors Consulting}
}

@book{fagen1978behavioral,
  title={Behavioral contrast in infants},
  author={Fagen, J W},
  year={1978}
}

@article{fahmie2008progressing,
  title={Progressing toward data intimacy: A review of within-session data analysis},
  author={Fahmie, Tara A and Hanley, Gregory P},
  journal={Journal of Applied Behavior Analysis},
  volume={41},
  number={3},
  pages={319--331},
  year={2008},
  publisher={Wiley Online Library}
}

@article{falcomata2004evaluation,
  title={An evaluation of response cost in the treatment of inappropriate vocalizations maintained by automatic reinforcement},
  author={Falcomata, Terry S and Roane, Henry S and Hovanetz, Alyson N and Kettering, Tracy L and Keeney, Kris M},
  journal={Journal of Applied Behavior Analysis},
  volume={37},
  number={1},
  pages={83--87},
  year={2004},
  publisher={Wiley Online Library}
}

@article{fantuzzo1981generalization,
  title={Generalization of the effects of teacher-and self-administered token reinforcers to nontreated students},
  author={Fantuzzo, John W and Clement, Paul W},
  journal={Journal of Applied Behavior Analysis},
  volume={14},
  number={4},
  pages={435--447},
  year={1981},
  publisher={Wiley Online Library}
}

@article{favell1980rapid,
  title={Rapid eating in the retarded: Reduction by nonaversive procedures},
  author={Favell, Judith E and McGimsey, James F and Jones, Michael L},
  journal={Behavior Modification},
  volume={4},
  number={4},
  pages={481--492},
  year={1980},
  publisher={Sage Publications Sage CA: Thousand Oaks, CA}
}

@article{fawcett1991social,
  title={Social validity: a note on methodology.},
  author={Fawcett, Stephen B},
  journal={Journal of Applied Behavior Analysis},
  volume={24},
  number={2},
  pages={235},
  year={1991},
  publisher={Society for the Experimental Analysis of Behavior}
}

@article{ferster1957schedules,
  title={Schedules of reinforcement.},
  author={Ferster, Charles B and Skinner, Burrhus Frederic},
  year={1957},
  publisher={Appleton-Century-Crofts}
}

@article{fields2010varieties,
  title={Varieties of stimulus control in matching-to-sample: A kernel analysis},
  author={Fields, Lanny and Garruto, Michelle and Watanabe, Mari},
  journal={The Psychological Record},
  volume={60},
  number={1},
  pages={3--26},
  year={2010},
  publisher={Springer}
}

@article{fillingham2003application,
  title={The application of errorless learning to aphasic disorders: A review of theory and practice},
  author={Fillingham, Joanne K and Hodgson, Catherine and Sage, Karen and Lambon Ralph, Matthew A},
  journal={Neuropsychological rehabilitation},
  volume={13},
  number={3},
  pages={337--363},
  year={2003},
  publisher={Taylor \& Francis}
}

@article{fisher1993functional,
  title={Functional communication training with and without extinction and punishment},
  author={Fisher, Wayne and Piazza, Cathleen and Cataldo, Michael and Harrell, Robert and Jefferson, Gretchen and Conner, Robert},
  journal={Journal of Applied Behavior Analysis},
  volume={26},
  number={1},
  pages={23--36},
  year={1993},
  publisher={Wiley Online Library}
}

@article{fisher1992comparison,
  title={A comparison of two approaches for identifying reinforcers for persons with severe and profound disabilities},
  author={Fisher, Wayne and Piazza, Cathleen C and Bowman, Lynn G and Hagopian, Louis P and Owens, James C and Slevin, Irene},
  journal={Journal of applied Behavior analysis},
  volume={25},
  number={2},
  pages={491--498},
  year={1992},
  publisher={Wiley Online Library}
}

@article{fisher1998establishing,
  title={Establishing discriminative control of responding using functional and alternative reinforcers during functional communication training},
  author={Fisher, Wayne W and Kuhn, David E and Thompson, Rachel H},
  journal={Journal of Applied Behavior Analysis},
  volume={31},
  number={4},
  pages={543--560},
  year={1998},
  publisher={Wiley Online Library}
}

@article{fisher1994preliminary,
  title={A preliminary evaluation of empirically derived consequences for the treatment of pica},
  author={Fisher, Wayne W and Piazza, Cathleen C and Bowman, Lynn G and Kurtz, Patricia F and Sherer, Michelle R and Lachman, Susan R},
  journal={Journal of Applied Behavior Analysis},
  volume={27},
  number={3},
  pages={447--457},
  year={1994},
  publisher={Wiley Online Library}
}

@book{fisher2014handbook,
  title={Handbook of applied behavior analysis},
  author={Fisher, W. W. and Piazza, C. C., and Roane, H. S.},
  year={2014},
  publisher={Guilford Press}
}

@book{flora2004power,
  title={The power of reinforcement},
  author={Flora, S R},
  year={2004},
  publisher={SUNY Press}
}

@book{foxx1982decreasing,
  title={Decreasing behaviors of severely retarded and autistic persons},
  author={Foxx, R. M.},
  year={1982},
  publisher={Research Press}
}

@article{foxx1998comprehensive,
  title={A comprehensive treatment program for inpatient adolescents},
  author={Foxx, RM},
  journal={Behavioral Interventions: Theory \& Practice in Residential \& Community-Based Clinical Programs},
  volume={13},
  number={1},
  pages={67--77},
  year={1998},
  publisher={Wiley Online Library}
}

@article{fryling2012impact,
  title={Impact of treatment integrity on intervention effectiveness},
  author={Fryling, Mitch J and Wallace, Michele D and Yassine, Jordan N},
  journal={Journal of Applied Behavior Analysis},
  volume={45},
  number={2},
  pages={449--453},
  year={2012},
  publisher={Wiley Online Library}
}


