%refMan.bib
%Corresponds to TrainABA Supervision Curriculum Series: Volume 1 - BCBA Reference Manual

%Chapter 1
@article{test,
  title={Some still-current dimensions of applied behavior analysis},
  author={Baer, Donald M and Wolf, Montrose M and Risley, Todd R},
  journal={Journal of Applied Behavior Analysis},
  volume={20},
  number={4},
  pages={313--327},
  year={1987},
  publisher={Wiley Online Library}
}
%Chapter 2

%Chapter 3

%various task list sections below.

%Upon Conclusion
